<record><leader>00000cas a22000007a 4500</leader><controlfield tag="001">13880006</controlfield><controlfield tag="008">860716d19081917wvuwr ne      0    0eng d</controlfield><datafield ind1=" " ind2=" " tag="010"><subfield code="a">sn 86092563 </subfield></datafield><datafield ind1=" " ind2=" " tag="040"><subfield code="a">WVC</subfield><subfield code="b">eng</subfield><subfield code="c">WVC</subfield><subfield code="d">OCL</subfield><subfield code="d">OCLCQ</subfield></datafield><datafield ind1=" " ind2=" " tag="042"><subfield code="a">msc</subfield></datafield><datafield ind1="0" ind2=" " tag="130"><subfield code="a">Weston republican (1908)</subfield></datafield><datafield ind1="1" ind2="4" tag="245"><subfield code="a">The Weston republican.</subfield></datafield><datafield ind1=" " ind2=" " tag="260"><subfield code="a">Weston, W. Va. :</subfield><subfield code="b">Republican Publ. Co.</subfield></datafield><datafield ind1=" " ind2=" " tag="300"><subfield code="a">v.</subfield></datafield><datafield ind1=" " ind2=" " tag="310"><subfield code="a">Weekly</subfield></datafield><datafield ind1="1" ind2=" " tag="362"><subfield code="a">Began in Jan., 1908; ceased Sept. 12, 1917.</subfield><subfield code="z">Cf. Weston Independent. Lewis Co. Journalists &amp; Journalism.</subfield></datafield><datafield ind1=" " ind2=" " tag="500"><subfield code="a">Editor: David Snyder.</subfield></datafield><datafield ind1=" " ind2=" " tag="588"><subfield code="a">Description based on: Vol. 8, no. 4 (Feb. 4, 1914).</subfield></datafield><datafield ind1=" " ind2=" " tag="752"><subfield code="a">United States</subfield><subfield code="b">West Virginia</subfield><subfield code="c">Lewis</subfield><subfield code="d">Weston.</subfield></datafield></record>